@InProceedings{lefever-hoste-decock:2011:ACL-HLT2011,
  author    = {Lefever, Els  and  Hoste, V\'{e}ronique  and  De Cock, Martine},
  title     = {ParaSense or How to Use Parallel Corpora for Word Sense Disambiguation},
  booktitle = {Proceedings of the 49th Annual Meeting of the Association for Computational Linguistics: Human Language Technologies},
  month     = {June},
  year      = {2011},
  address   = {Portland, Oregon, USA},
  publisher = {Association for Computational Linguistics},
  pages     = {317--322},
  url       = {http://www.aclweb.org/anthology/P11-2055}
}

@InProceedings{lefever-hoste:2009:SEW,
  author    = {Lefever, Els and Hoste, Véronique,},
  title     = {SemEval-2010 Task 3: Cross-lingual Word Sense Disambiguation},
  booktitle = {Proceedings of the Workshop on Semantic Evaluations: Recent Achievements and Future Directions (SEW-2009)},
  month     = {June},
  year      = {2009},
  address   = {Boulder, Colorado},
  publisher = {Association for Computational Linguistics},
  pages     = {82--87},
  url       = {http://www.aclweb.org/anthology/W09-2413}
}

@InProceedings{guo-diab:2010:SemEval,
  author    = {Guo, Weiwei  and  Diab, Mona},
  title     = {COLEPL and COLSLM: An Unsupervised WSD Approach to Multilingual Lexical Substitution, Tasks 2 and 3 SemEval 2010},
  booktitle = {Proceedings of the 5th International Workshop on Semantic Evaluation},
  month     = {July},
  year      = {2010},
  address   = {Uppsala, Sweden},
  publisher = {Association for Computational Linguistics},
  pages     = {129--133},
  url       = {http://www.aclweb.org/anthology/S10-1026}
}

@InProceedings{task10,
  author    = {Lefever, Els and Hoste, Véronique},
  title     = {SemEval-2013 Task 10: Cross-Lingual Word Sense Disambiguation},
  booktitle = {Proceedings of the 7th International Workshop on Semantic Evaluation (SemEval 2013), in conjunction with the Second Joint Conference on Lexical and Computational Semantcis (*SEM 2013)},
  address   = {Atlanta, USA},
  year      = {2013},
}

@InProceedings{rudnick:2011:RANLPStud,
  author    = {Rudnick, Alex},
  title     = {Towards Cross-Language Word Sense Disambiguation for Quechua},
  booktitle = {Proceedings of the Second Student Research Workshop associated with RANLP 2011},
  month     = {September},
  year      = {2011},
  address   = {Hissar, Bulgaria},
  publisher = {RANLP 2011 Organising Committee},
  pages     = {133--138},
  url       = {http://aclweb.org/anthology/R11-2021}
}

@article{DBLP:journals/csur/Navigli09,
  author    = {Roberto Navigli},
  title     = {Word sense disambiguation: A survey},
  journal   = {ACM Comput. Surv.},
  volume    = {41},
  number    = {2},
  year      = {2009},
  ee        = {http://doi.acm.org/10.1145/1459352.1459355},
  bibsource = {DBLP, http://dblp.uni-trier.de}
}

@inproceedings{improvingsmtwsd,
 author = {Marine Carpuat and Dekai Wu},
 title = {Improving Statistical Machine Translation using Word Sense Disambiguation},
 booktitle = {Proceedings of the 2007 Joint Conference on Empirical Methods in Natural Language Processing and Computational Natural Language Learning},
 year = {2007},
 location = {Prague},
 publisher = {ACL},
 }

@INPROCEEDINGS{Brown91word-sensedisambiguation,
    author = {Peter F. Brown and Vincent J. Della Pietra and Vincent J. Della Pietra and Robert L. Mercer},
    title = {Word-Sense Disambiguation Using Statistical Methods},
    booktitle = {In Proceedings of the 29th Annual Meeting of the Association for Computational Linguistics},
    year = {1991},
    pages = {264--270}
}

@inproceedings{carpuatpsd,
    author = {Marine Carpuat and Dekai Wu},
    title = {How Phrase Sense Disambiguation Outperforms Word Sense Disambiguation for Statistical Machine Translation},
    booktitle = {11th Conference on Theoretical and Methodological Issues in Machine Translation},
    year = {2007},
}

@InProceedings{lefeversemeval,
  author    = {Els Lefever and  V\'{e}ronique Hoste},
  title     = {SemEval-2010 Task 3: Cross-Lingual Word Sense Disambiguation},
  booktitle = {Proceedings of the 5th International Workshop on Semantic Evaluation},
  month     = {July},
  year      = {2010},
  address   = {Uppsala, Sweden},
  publisher = {Association for Computational Linguistics},
  pages     = {15--20},
  url       = {http://www.aclweb.org/anthology/S10-1003}
}

@book{nltkbook, 
  author = {Steven Bird and Ewan Klein and Edward Loper}, 
  title = {{Natural Language Processing with Python}}, 
  publisher = {O'Reilly Media}, 
  year = 2009 
} 
